@ARTICLE{2014arXiv1411.2824Z,
   author = {{Z{\"o}belein}, C.},
    title = "{The recursive structure of the distribution of primes}",
  journal = {ArXiv e-prints, 1411.2824 [math.GM]},
archivePrefix = "arXiv",
   eprint = {1411.2824},
 primaryClass = "math.GM",
 keywords = {Mathematics - General Mathematics, 11N05},
     year = 2014,
    month = nov,
   adsurl = {http://adsabs.harvard.edu/abs/2014arXiv1411.2824Z},
  adsnote = {Provided by the SAO/NASA Astrophysics Data System}
}
